@article{Corbino2020,
  author  = {Johnny Corbino and Jose E. Castillo},
  title   = {High-order mimetic finite-difference operators satisfying the extended Gauss divergence theorem},
  journal = {Journal of Computational and Applied Mathematics},
  volume  = {364},
  pages   = {112326},
  year    = {2020},
  issn    = {0377-0427},
  doi     = {10.1016/j.cam.2019.06.042}
}

@mastersthesis{Gonzales2023,
  author  = {Gonzales Aredo, Yessica Judith},
  title   = {Convergencia del método mimético para la ecuación de difusión no estática},
  school  = {Universidad Nacional de Trujillo},
  address = {Trujillo},
  year    = {2023},
  url     = {https://dspace.unitru.edu.pe/items/1742d2ae-7727-4c4b-9bf9-0cadbbb75d3c}
}

@article{Brzenski2023,
  author  = {Jared Brzenski and Jose E. Castillo},
  title   = {Solving Navier-Stokes with mimetic operators},
  journal = {Computers \& Fluids},
  volume  = {254},
  pages   = {105817},
  year    = {2023},
  issn    = {0045-7930},
  doi     = {https://doi.org/10.1016/j.compfluid.2023.105817}
}

@phdthesis{Brzenski2024,
  author  = {Jared Brzenski},
  title   = {Building an ocean model using mimetic operators},
  type    = {Doctoral Dissertation},
  url     = {https://digitalcollections.sdsu.edu/do/af38107a-44b2-444e-b504-16fa8ec4cf53},
  year    = {2024},
  address = {San Diego},
  school  = {San Diego State University}
}

@phdthesis{Velazco2021,
  author  = {Velazco, Angel Boada},
  title   = {High order mimetic finite differences on non-trivial problems},
  type    = {Doctoral Dissertation},
  url     = {https://digitalcollections.sdsu.edu/do/e67f17cb-b906-4847-a574-a8781e581024},
  year    = {2021},
  address = {San Diego},
  school  = {San Diego State University}
}

@article{Lipnikov2014,
  author  = {Konstantin Lipnikov and Gianmarco Manzini and Mikhail Shashkov},
  title   = {Mimetic finite difference method},
  journal = {Journal of Computational Physics},
  volume  = {257},
  pages   = {1163-1227},
  year    = {2014},
  note    = {Physics-compatible numerical methods},
  issn    = {0021-9991},
  doi     = {https://doi.org/10.1016/j.jcp.2013.07.031}
}

@article{Andreucci2024,
  author         = {Andreucci, Daniele and Bersani, Alberto M. and Bersani, Enrico and Caressa, Paolo and Dumett, Miguel and Leon Trujillo, Francisco James and Marconi, Silvia and Rubio, Obidio and Zarate-Pedrera, Yessica E.},
  title          = {Some Numerical Results on Chemotactic Phenomena in Stem Cell Therapy for Cardiac Regeneration},
  journal        = {Mathematics},
  volume         = {12},
  year           = {2024},
  number         = {13},
  article-number = {1937},
  url            = {https://www.mdpi.com/2227-7390/12/13/1937},
  issn           = {2227-7390},
  doi            = {10.3390/math12131937}
}

@article{RodriguezChavez2024,
  title   = {Spectral Differentiation and Mimetic Methods for Solving the Scalar Burger's Equation},
  volume  = {11},
  url     = {https://revistas.unitru.edu.pe/index.php/SSMM/article/view/6157},
  doi     = {10.17268/sel.mat.2024.02.05},
  number  = {02},
  journal = {Selecciones Matemáticas},
  author  = {Rodriguez-Chavez, Bertha K. and Zarate-Pedrera, Yessica E.},
  year    = {2024},
  month   = {Dec.},
  pages   = {259 - 270}
}

@article{Rubio2015,
  title   = {Algorítmo para la Ecuación de Difusión en Estado Estacionario 2D usando el Método Mimético en Diferencias Finitas.},
  volume  = {1},
  url     = {https://revistas.unitru.edu.pe/index.php/SSMM/article/view/826},
  doi     = {10.17268/sel.mat.2014.01.04},
  number  = {01},
  journal = {Selecciones Matemáticas},
  author  = {Rubio López, Franco and Gonzales Herrera, Mardo},
  year    = {2015},
  month   = {Apr.}
}

@misc{Sanderson2025,
  title         = {Armadillo: An Efficient Framework for Numerical Linear Algebra},
  author        = {Conrad Sanderson and Ryan Curtin},
  year          = {2025},
  eprint        = {2502.03000},
  archiveprefix = {arXiv},
  primaryclass  = {cs.MS},
  doi           = {10.48550/arXiv.2502.03000}
}
