@article{CORBINO2020112326,
  title    = {High-order mimetic finite-difference operators satisfying the extended Gauss divergence theorem},
  journal  = {Journal of Computational and Applied Mathematics},
  volume   = {364},
  pages    = {112326},
  year     = {2020},
  issn     = {0377-0427},
  doi      = {10.1016/j.cam.2019.06.042},
  author   = {Johnny Corbino and Jose E. Castillo},
}

@masterthesis{Gonzales2023,
  author = {Gonzales Aredo, Yessica Judith},
  title  = {Convergencia del método mimético para la ecuación de difusión no estática},
  school = {Universidad Nacional de Trujillo},
  year   = {2023},
  note   = {Disponible en \url{https://dspace.unitru.edu.pe/items/1742d2ae-7727-4c4b-9bf9-0cadbbb75d3c}}
}
