@misc{Dumett2022,
  title    = {Energy Conservation of Second-Order Mimetic Difference Schemes for the 1D Advection Equation},
  author   = {Dumett, Miguel and Castillo, Jose},
  year     = {2022},
  month    = {12},
  doi      = {10.13140/RG.2.2.19919.25767},
  keywords = {article}
}

@online{asrinivasan07092023,
  author   = {asrinivasan0709},
  title    = {ICIAM2023},
  url      = {https://github.com/asrinivasan0709/ICIAM2023},
  urldate  = {2025-03-13},
  keywords = {online}
}
